<?xml version="1.0" encoding="UTF-8"?><collection xmlns="http://www.loc.gov/MARC21/slim"><record><leader>00582nam--2200181-i-4500</leader><controlfield tag="001">000033515</controlfield><controlfield tag="002">20161230</controlfield><controlfield tag="005">20170115225747</controlfield><controlfield tag="008">060222s1000------------r-----000-0-fre-d</controlfield><datafield ind1=" " ind2=" " tag="040"><subfield code="a">IFIN-HH</subfield></datafield><datafield ind1=" " ind2=" " tag="041"><subfield code="a">fre</subfield></datafield><datafield ind1=" " ind2=" " tag="080"><subfield code="a">539.12.17:538.9(047.3)</subfield></datafield><datafield ind1="1" ind2=" " tag="100"><subfield code="a">Meyer, Madeleine</subfield></datafield><datafield ind1="1" ind2="0" tag="245"><subfield code="a">Contribution a l`etude du pouvoir d`arret en canalisation du cuivre, du nickel et l`aluminium pour les ions oxygene de faible energie</subfield><subfield code="b">These</subfield><subfield code="c">Madeleine Meyer</subfield></datafield><datafield ind1=" " ind2=" " tag="260"><subfield code="a">Paris</subfield><subfield code="b">Universite De Paris-sud</subfield><subfield code="c">1977</subfield></datafield><datafield ind1=" " ind2=" " tag="300"><subfield code="a">173 p</subfield></datafield><datafield ind1=" " ind2=" " tag="852"><subfield code="a">44877</subfield><subfield code="c">539.12</subfield></datafield><datafield ind1=" " ind2=" " tag="CAT"><subfield code="a">SYS</subfield><subfield code="c">20170115</subfield><subfield code="h">225747</subfield></datafield></record></collection>